%!TEX root = first try.tex

@book{dynamicslecturenote,
  title = {Dynamics, Slender Structures and an Introduction to Continuum Mechanics: CT 4145},
  author = {A.V. Metrikine},
  publisher = {Delft University of Technology}
}

@article{EC12,
  title={1: Actions on structures, Part 2: Traffic loads on bridges},
  author={Eurocode, CEN},
  journal={Brussels: European Standard EN},
  volume={2},
  pages={2003},
  year={1991}
}

@article{esveld2001modern,
  title={Modern railway track},
  author={Esveld, Coenraad},
  year={2001},
  publisher={MRT-productions Zaltbommel, Netherlands}
}

@book{13848,
  title = {EN 13848-5:2008+A1 Railway applications - Track - Track geometry quality - Part 5: Geometric quality levels - Plain line},
  author = {CEN},
}

@article{EC15528,
  title={prEN 15528:2013, Railway applications — Line categories for managing the interface between load limits of vehicles and infrastructure},
  author={Eurocode, CEN},
  journal={Brussels: European Standard EN},
  year={2013}
}

@book{EC0,
  title={Eurocode: Basis of structural design},
  author={British Standards Institution},
  year={2002},
  publisher={BSI}
}


@article{newmethod,
  title={New dynamic analysis methods for railway bridges in codes IAPF and Eurocode 1},
  author={Goicolea, JM and Dom{\'\i}nguez, J and Navarro, JA and Gabald{\'o}n, F},
  journal={Railway Bridges: Design, Construction and Maintenance, Spanish group of IABSE, Madrid, Spain},
  year={2002}
}

@manual{uic,
author = {International Union of Railways(UIC)},
title = {Design requirements for rail-bridges based on interaction phenomena between train, track and bridge},
date = {June,2009},
}

@book{calgaro2010designers,
  title={Designers' Guide to Eurocode 1: Actions on Bridges},
  author={Calgaro, Jean-Armand and Tschumi, Marcel and Gulvanessian, Haig},
  year={2010}
}

@article{da2007dynamic,
  title={Dynamic Behaviour of High Speed Railway Bridges. Vehicles Lateral Dynamic Behaviour},
  author={da Silva Dias, Rui Filipe},
  year={2007}
}

@book{fryba1996dynamics,
  title={Dynamics of railway bridges},
  author={Fryba, L. and Fr{\`y}ba, L.},
  isbn={9780727720443},
  lccn={96133377},
  year={1996},
  publisher={T. Telford}
}

@article{lei2002analyses,
  title={Analyses of dynamic response of vehicle and track coupling system with random irregularity of track vertical profile},
  author={Lei, Xiaoyan and Noda, N-A},
  journal={Journal of Sound and Vibration},
  volume={258},
  number={1},
  pages={147--165},
  year={2002},
  publisher={Elsevier}
}

@article{code2005518,
  title={518: Testing and approval of railway vehicles from the point of view of their dynamic behaviour--Safety--Track fatigue--Ride quality},
  author={Code, UIC},
  journal={International Union of Railways, 3rd ed., Paris},
  year={2005}
}

@article{en200714363,
  title={14363: 2005},
  author={EN, BS},
  journal={Railway applications-Testing for the acceptance of running characteristics of railway vehicles-Testing of running behavior and stationary tests},
  pages={6--36},
  year={2007}
}

@article{cuadrado2008analysis,
  title={Analysis of Lateral Displacements in Large Railway Viaducts Under Traffic Loads. Impact on Ride Safety and Passenger Comfort.},
  author={Cuadrado Sanguino, Manuel and Gonz{\'a}lez Requejo, Pedro and Goicolea Ruigomez, Jose Maria and Nasarre, Jorge and Dias, Rui},
  year={2008},
  publisher={Plasser \& Theurer}
}

@book{d181,
title = {RP6: Final report, D181 LATERAL FORCES ON RAILWAY BRIDGES},
date = {1996},
author = {ERRI D181 Committee},
publisher={UIC}
}

@book{d181dt329,
title = {ERRI D 181/DT 329 E: LATERAL FORCES ON RAILWAY BRIDGES, PARAMETRIC STUDY PART1,PART 2},
date = {1995},
author = {ERRI D181 Committee},
publisher={UIC}
}

@book{13803,
title = {UNE-ENV 13803-1 EX: Aplicaciones ferroviarias. Par\'{a}metros de proyecto de trazado de la v\'{\i}a. Ancho de v\'{\i}a de 1 435mm y mayores. Parte 1: Plena v\'{\i}a.},
date = {2006},
}

@book{12299,
title = {UNE-ENV 12299: Aplicaciones ferroviarias. Comodidad de viaje para los viajeros. Medici\'{o}n y evaluaci\'{o}n.},
date = {2000},
}

@book{1993-2,
title = {Eurocode 3: Design of steel structures – Part 2-1+C1: Bridges}
author={Eurocode, CEN},
}

@book{1993-1-1,
title = {Eurocode 3: Design of steel structures - Part 1-1: General rules and rules for buildings}
author={Eurocode, CEN},
}

@book{1990a2,
title = {EN 1990 AMD 2 : 2005(E) Annex A2 to EN 1990}
author={Eurocode, CEn},
}

@article{sun2002dynamic,
  title={A dynamic model for the vertical interaction of the rail track and wagon system},
  author={Sun, Yan Quan and Dhanasekar, Manicka},
  journal={International Journal of Solids and Structures},
  volume={39},
  number={5},
  pages={1337--1359},
  year={2002},
  publisher={Elsevier}
}

@phdthesis{dominguez2001dinamica,
  title={Din{\'a}mica de puentes de ferrocarril para alta velocidad: m{\'e}todos de c{\'a}lculo y estudio de la resonancia},
  author={Dom{\'\i}nguez Barbero, Jaime},
  year={2001},
  school={Caminos}
}

@article{dias2008study,
  title={A study of the lateral dynamic behaviour of high speed railway viaducts and its effect on vehicle ride comfort and stability},
  author={Dias, Rui and Goicolea Ruig{\'o}mez, Jos{\'e} Mar{\'\i}a and Gabald{\'o}n Castillo, Felipe and Cuadrado Sanguino, Manuel and Nasarre, Jorge and Gonz{\'a}lez Requejo, Pedro},
  year={2008},
  publisher={CRC Press (Taylor\&Francis)}
}

@book{iwnicki2006handbook,
  title={Handbook of railway vehicle dynamics},
  author={Iwnicki, Simon},
  year={2006},
  publisher={CRC Press}
}

@inproceedings{macdougall2004state,
  title={A state-of-the-art review of high performance steel for bridge design},
  author={MacDOUGALL, Colin and Driver, Robert G and Grondin, Gilbert Y},
  booktitle={Transports Quebec 11e Colloque},
  year={2004}
}

@article{mohammadi2013wind,
  title={Wind Loads on Bridges: Analysis of a three span bridge based on theoretical methods and Eurocode 1},
  author={Mohammadi, M Sajad and Mukherjee, Rishiraj},
  year={2013}
}

@book{fryba1999vibration,
  title={Vibration of solids and structures under moving loads},
  author={Fryba, Ladislav and Fr{\`y}ba, Ladislav},
  year={1999},
  publisher={Thomas Telford}
}

@article{giuseppe2012dynamic,
  title={Dynamic response of Euler-Bernoulli beams to resonant harmonic moving loads},
  author={Giuseppe Piccardoa and Federica Tubino},
  year={2012}
}

@article{reberpresentation,
  title={Presentation on lateral stiffness of railway bridges},
  author={JJ Reber},
  year={2013}
}

@misc{vampire,
  title = {VAMPIRE}
  author={DelatRail}
  url ={\url{http://vampire-dynamics.com}}
}